<?xml version="1.0" encoding="UTF-8"?><record xmlns="http://www.loc.gov/MARC21/slim" xmlns:cinclude="http://apache.org/cocoon/include/1.0" xmlns:zs="http://www.loc.gov/zing/srw/">
  <leader>00489nz  a2200121n  4500</leader>
  <controlfield tag="001">no 92004449 </controlfield>
  <controlfield tag="003">DLC</controlfield>
  <controlfield tag="005">19920215095609.8</controlfield>
  <controlfield tag="008">920214n| acannaab|          |n ana     c</controlfield>
  <datafield tag="010" ind1=" " ind2=" ">
    <subfield code="a">no 92004449 </subfield>
  </datafield>
  <datafield tag="040" ind1=" " ind2=" ">
    <subfield code="a">N</subfield>
    <subfield code="c">N</subfield>
  </datafield>
  <datafield tag="110" ind1="1" ind2="0">
    <subfield code="a">United States.</subfield>
    <subfield code="b">Securities and Exchange Commission.</subfield>
    <subfield code="b">Public Utilities Division</subfield>
  </datafield>
  <datafield tag="670" ind1=" " ind2=" ">
    <subfield code="a">Financial statistics for electric and gas subsidiaries of registered public-utility holding companies, 1937:</subfield>
    <subfield code="b">t.p. (Public Utilities Division, Securities and Exchange Commission)</subfield>
  </datafield>
</record>